@Article{Shachter1986,
  author  = {Ross D. Shachter},
  journal = {Informs},
  title   = {Evaluating Influence Diagrams},
  year    = {1986},
}

@Book{DeVos2016,
  author    = {Matt DeVos and Deborah A. Kent},
  publisher = {American Mathematical Society},
  title     = {Game theory : a playful introduction},
  year      = {2016},
}

@Book{MasColell1997,
  author    = {Mas-Colell and Whinston, and Green},
  editor    = {Chiaki Hara, Ilya Segal, Steve Tadelis},
  publisher = {Oxford University Press},
  title     = {Microeconomic Theory},
  year      = {1995},
}

@Article{Koller2003,
  author  = {Daphne Koller and Brian Milch},
  journal = {Games and Economic Behavior},
  title   = {Multi-agent influence diagrams for representing and solving games},
  year    = {2003},
}

@Article{aplicaciones,
  author  = {María de Gracia Blázquez Vallejo and Carmen Virginia Gámez Jiménez},
  journal = {Universidad Carlos tercero de madris},
  title   = {Teoría de Juegos y aplicaciones: El Dilema del Prisionero},
}

@Book{PerezNavarro2004,
  author    = {Pérez Navarro, J.; Jimeno Pastor, J. L.; Cerdá Tena, E.},
  publisher = {Pearson Education},
  title     = {TEORÍA DE JUEGOS},
  year      = {2004},
}

@Article{GonzalezOrtegaa2018,
  author  = {Jorge González-Ortegaa and David Ríos Insuaa and Javier Cano},
  journal = {Instituto de Ciencias Matemáticas, Madrid, Spain},
  title   = {Adversarial risk analysis for bi-agent influence diagrams: Analgorithmic approach},
  year    = {2018},
}

@Book{REDONDO2000,
  author    = {FERNANDO VEGA REDONDO},
  publisher = {Antoni Bosch, editor},
  title     = {ECONOMÍA Y JUEGOS},
  year      = {2000},
}

@Book{Vitoriano2007,
  author    = {Begoña Vitoriano},
  publisher = {Universidad Complutense de Madrid},
  title     = {TEORÍA DE LA DECISIÓN: Decisión con Incertidumbre, Decisión Multicriterio y Toría de juegos},
  year      = {2007},
}

@Comment{jabref-meta: databaseType:bibtex;}
